@article{LeCun2015DeepLearning,
    title = {{Deep learning}},
    year = {2015},
    journal = {Nature},
    author = {LeCun, Yann and Bengio, Yoshua and Hinton, Geoffrey},
    number = {7553},
    month = {5},
    pages = {436--444},
    volume = {521},
    doi = {10.1038/nature14539},
    issn = {0028-0836}
}

@article{author2023,
  title={Article Title},
  author={Author, A.},
  journal={Journal Name},
  volume={1},
  number={1},
  pages={1-10},
  year={2023}
}

@article{author2023,
  title={Article Title},
  author={Author, A.},
  journal={Journal Name},
  volume={1},
  number={1},
  pages={1-10},
  year={2023},
  url={https://swimm.io/learn/developer-experience/what-is-developer-experience-devx-pillars-and-best-practices}
}

@article{swimm,
  title={What is Developer Experience (DevX)?},
  author={Swimm},
  year={2024},
  url={https://swimm.io/learn/developer-experience/what-is-developer-experience-devx-pillars-and-best-practices}
}

@article{stackoverflow,
  title={Survey},
  author={Stack Overflow},
  year={2023},
  url={https://survey.stackoverflow.co/2023/}
}

@article{shadcn,
  title={Documentation},
  author={Shadcn UI Library},
  year={2023},
  url={https://ui.shadcn.com/docs}
}

@article{socketio,
  title={Rooms},
  author={Socket.IO},
  year={n.d.},
  url={https://socket.io/docs/v4/rooms/}
}

@article{tailwindcss,
  title={Documentation},
  author={Tailwind CSS},
  year={n.d.},
  url={https://tailwindcss.com/}
}

@article{react,
  title={React},
  author={Meta Open Source},
  year={n.d.},
  url={https://react.dev/reference/react}
}

@article{redux,
  title={Redux},
  author={Redux},
  year={n.d.},
  url={https://redux.js.org/}
}

@article{express,
  title={Express},
  author={StrongLoop},
  year={n.d.},
  url={https://expressjs.com/en/4x/api.html}
}

@article{bigcalendar,
  title={React Big Calendar},
  author={Christopher Caldwell},
  year={n.d.},
  url={https://github.com/christopher-caldwell/react-big-calendar-demo}
}

@article{websockets,
  title={WebSockets},
  author={Mozilla},
  year={n.d.},
  url={https://developer.mozilla.org/en-US/docs/Web/API/WebSockets_API}
}

@article{nodejs,
  title={Node.js},
  author={Node.js},
  year={n.d.},
  url={https://nodejs.dev/learn}
}